@online{aesmixgithub,
    author="UniBG Seclab",
    title="aesmix",
    url="https://github.com/unibg-seclab/aesmix"
}

@misc{aontpaper,
    author="L. Rivest, Ronald",
    title="All-Or-Nothing Encrypytion and The Package Transform",
    year="1997"
}

@online{fusepygithub,
    title="fusepy",
    url="https://github.com/fusepy/fusepy"
}

@online{encfsgithub,
    author="Gough, Valient",
    title="EncFS - an Encrypted Filesystem",
    url="https://github.com/vgough/encfs"
}

@online{libfusegithub,
    title="libfuse",
    url="https://github.com/libfuse/libfuse"
}

@online{linuxkernelvfs,
    title="Overview of the Linux Virtual Filesystem",
    url="https://www.kernel.org/doc/html/latest/filesystems/vfs.html"
}

@online{linuxmanstat,
    title="stat(2) - Linux manual page",
    url="https://man7.org/linux/man-pages/man2/stat.2.html"
}

@online{pythreading,
    title="Thread-based parallelism",
    url="https://docs.python.org/3/library/threading.html"
}

@misc{mixslice,
    author = "Paraboschi, S. and De Capitani di Vimercati, S. and Foresti, S. and Rosa, M.",
    title = "Mix\&Slice: Efficient Access Revocation in the Cloud",
    year = "2016",
}

@book{sistemioperativi,
    author="Tisato, Francesco and Zicari, Roberto",
    title="Sistemi Operativi, Architettura e progetto",
    year="1985",
    publisher="clup"
}